<record><leader>00000cas a22000007a 4500</leader><controlfield tag="001">12812894</controlfield><controlfield tag="008">851118d18681871wiuwr ne      0    0eng d</controlfield><datafield ind1=" " ind2=" " tag="010"><subfield code="a">sn 85041397 </subfield></datafield><datafield ind1=" " ind2=" " tag="040"><subfield code="a">NPV</subfield><subfield code="b">eng</subfield><subfield code="c">NPV</subfield><subfield code="d">OCLCQ</subfield></datafield><datafield ind1=" " ind2=" " tag="042"><subfield code="a">msc</subfield></datafield><datafield ind1=" " ind2=" " tag="045"><subfield code="a">w6w7</subfield></datafield><datafield ind1=" " ind2=" " tag="052"><subfield code="a">4123</subfield><subfield code="b">R5</subfield></datafield><datafield ind1="0" ind2="0" tag="245"><subfield code="a">Richland County sentinel.</subfield></datafield><datafield ind1="3" ind2="0" tag="246"><subfield code="a">Richland sentinel</subfield></datafield><datafield ind1=" " ind2=" " tag="260"><subfield code="a">Richland Center, Wis. :</subfield><subfield code="b">J. Walworth</subfield></datafield><datafield ind1=" " ind2=" " tag="300"><subfield code="a">v.</subfield></datafield><datafield ind1=" " ind2=" " tag="310"><subfield code="a">Weekly</subfield></datafield><datafield ind1="1" ind2=" " tag="362"><subfield code="a">Began in 1868; ceased in Mar., 1871.</subfield><subfield code="z">Cf. Oehlerts, d. E. Guide to Wis. newspapers.</subfield></datafield><datafield ind1=" " ind2=" " tag="530"><subfield code="a">Available on microfilm from The State Historical Society of Wisconsin.</subfield></datafield><datafield ind1=" " ind2=" " tag="580"><subfield code="a">Continued by: Richland County recorder. Cf. Oehlerts, D.E. Guide to Wis. newspapers.</subfield></datafield><datafield ind1=" " ind2=" " tag="588"><subfield code="a">Description based on: Vol. 2, no. 51 (Feb. 16, 1870).</subfield></datafield><datafield ind1=" " ind2=" " tag="752"><subfield code="a">United States</subfield><subfield code="b">Wisconsin</subfield><subfield code="c">Richland</subfield><subfield code="d">Richland Center.</subfield></datafield><datafield ind1="1" ind2="0" tag="785"><subfield code="t">Richland County recorder</subfield><subfield code="w">(DLC)sn 85041387</subfield></datafield><datafield ind1="1" ind2=" " tag="029"><subfield code="a">AU@</subfield><subfield code="b">000025814791</subfield></datafield></record>